<record xmlns='http://www.loc.gov/MARC21/slim'><leader>01343cim a22003252u 4500</leader><controlfield tag='001'>3601722</controlfield><controlfield tag='005'>20151214182927.0</controlfield><controlfield tag='007'>ss|lmnjluz|nuu</controlfield><controlfield tag='008'>991101s1989    nyunnn         l    eng d</controlfield><datafield ind1=' ' ind2=' ' tag='035'><subfield code='a'>(NIC)notisASF8787</subfield></datafield><datafield ind1=' ' ind2=' ' tag='035'><subfield code='a'>3601722</subfield></datafield><datafield ind1=' ' ind2=' ' tag='035'><subfield code='a'>(OCoLC)63898095</subfield></datafield><datafield ind1=' ' ind2=' ' tag='040'><subfield code='a'>NIC</subfield><subfield code='c'>NIC</subfield><subfield code='d'>NIC</subfield><subfield code='d'>NIC</subfield></datafield><datafield ind1='1' ind2=' ' tag='100'><subfield code='a'>Sedgwick, Eve Kosofsky.</subfield></datafield><datafield ind1='1' ind2='0' tag='245'><subfield code='a'>Billy Budd: after the homosexual</subfield><subfield code='h'>[sound recording]</subfield></datafield><datafield ind1=' ' ind2=' ' tag='260'><subfield code='c'>1989.</subfield></datafield><datafield ind1=' ' ind2=' ' tag='300'><subfield code='a'>1 sound cassette (92 min.) :</subfield><subfield code='b'>analog, mono.</subfield></datafield><datafield ind1=' ' ind2=' ' tag='500'><subfield code='a'>Recorded in Ithaca, NY by Cornell University.</subfield></datafield><datafield ind1=' ' ind2=' ' tag='500'><subfield code='a'>Accompanied by: Notes.</subfield></datafield><datafield ind1=' ' ind2=' ' tag='500'><subfield code='a'>Sponsored by: Society for the Humanities.</subfield></datafield><datafield ind1=' ' ind2=' ' tag='500'><subfield code='a'>Speaker(s): Professor of English, Duke University.</subfield></datafield><datafield ind1=' ' ind2=' ' tag='518'><subfield code='a'>Lecture, February 20, 1989.</subfield></datafield><datafield ind1=' ' ind2=' ' tag='520'><subfield code='a'>Sedgwick describes the nature of homosexuality as portrayed in Melville&apos;s &quot;Billy Budd&quot;.  She examines the subject through analysis of characters and conflicts and discusses the effect of AIDS on current homosexual definition.</subfield></datafield><datafield ind1='1' ind2='0' tag='600'><subfield code='a'>Melville, Herman,</subfield><subfield code='d'>1819-1891.</subfield><subfield code='t'>Billy Budd.    </subfield></datafield><datafield ind1=' ' ind2='0' tag='650'><subfield code='a'>Homosexuality and literature.</subfield></datafield><datafield ind1=' ' ind2='7' tag='630'><subfield code='a'>Billy Budd (Melville, Herman)</subfield><subfield code='2'>fast</subfield><subfield code='0'>(OCoLC)fst01356401</subfield></datafield><datafield ind1=' ' ind2='7' tag='650'><subfield code='a'>Homosexuality and literature</subfield><subfield code='2'>fast</subfield><subfield code='0'>(OCoLC)fst00959818</subfield></datafield><datafield ind1='1' ind2=' ' tag='899'><subfield code='a'>CULectures</subfield></datafield><datafield ind1=' ' ind2=' ' tag='905'><subfield code='a'>20000313120000.0</subfield></datafield><datafield ind1='2' ind2=' ' tag='948'><subfield code='a'>20141221</subfield><subfield code='b'>m</subfield><subfield code='d'>batch</subfield><subfield code='e'>lts</subfield><subfield code='x'>addfast</subfield></datafield></record>